@misc{p0939,
	title={Direction for ISO C++},
	author={Howard Hinnant and Roger Orr and Bjarne Stroustrup and Daveed Vandevoorde and Michael Wong},
	year={2019},
	publisher={WG21},
	howpublished={\url{https://wg21.link/p0939}}
}

@misc{p0482,
	title={char8_t},
	author={Tom Honermann},
	year={2019},
	publisher={WG21},
	howpublished={\url{https://wg21.link/p0482}}
}

@misc{p1025,
	title={\textsc{U}pdate the \textsc{R}eference to the \textsc{U}nicode \textsc{S}tandard},
	author={Steve Downey and Robot Martinho Fernandes and JeanHeyd Meneide},
	year={2018},
	publisher={WG21},
	howpublished={\url{https://wg21.link/p1025}}
}

@misc{p1238,
	title={\textsc{SG16}: \textsc{U}nicode \textsc{D}irection},
	author={Tom Honermann et. al},
	year={2019},
	publisher={WG21},
	howpublished={\url{https://wg21.link/p1238}}
}


@misc{p1629,
	title={\textsc{S}tandard \textsc{T}ext \textsc{E}ncoding},
	author={JeanHeyd Meneide},
	year={2019},
	publisher={JeanHeyd Meneide},
	howpublished={\url{https://thephd.github.io/vendor/future_cxx/papers/d1629.html}}
}

@misc{p1629_implementation,
	title={\textsc{S}tandard \textsc{T}ext \textsc{E}ncoding — \textsc{I}mplementation},
	author={ThePhD},
	year={2019},
	publisher={GitHub},
	howpublished={\url{https://github.com/ThePhD/text}}
}

@misc{p1629_feedback,
	title={[\textsc{SG16-U}nicode] \textsc{C}omments on \textsc{D1629R1} \textsc{S}tandard \textsc{T}ext \textsc{E}ncoding},
	author={JeanHeyd Meneide and Henri Sivonen},
	year={2019},
	publisher={JeanHeyd Meneide},
	howpublished={\url{http://www.open-std.org/pipermail/unicode/2019-September/000667.html}}
}

@misc{c++_gsoc_2019,
	title={\textsc{S}eize the \textsc{B}its of \textsc{P}roduction: \textsc{GSoC} 2019 \textsc{C}onclusion},
	author={ThePhD},
	year={2019},
	publisher={ThePhD},
	howpublished={\url{https://thephd.github.io/seize-bits-production-gsoc-2019}}
}

@misc{uax_15,
	title={\textsc{UAX} \#15: \textsc{U}nicode \textsc{N}ormalization \textsc{F}orms},
	author={Ken Whistler},
	year={2019},
	publisher={Unicode Consortium},
	howpublished={\url{https://unicode.org/reports/tr15/}}
}

@misc{sol2,
	title={sol2},
	author={ThePhD},
	year={2019},
	publisher={GitHub},
	howpublished={\url{https://github.com/ThePhD/sol2}}
}

@misc{c++_standardization,
	title={C++ \textsc{S}tandardization \textsc{E}fforts},
	author={ThePhD},
	year={2019},
	publisher={GitHub},
	howpublished={\url{https://thephd.github.io/portfolio/standard}}
}

@misc{sg16_telecon_june_12_2019,
	title={\textsc{SG16 M}eeting \textsc{N}otes},
	author={Study Group 16 - Unicode},
	year={2019},
	publisher={WG21 - SG16},
	howpublished={\url{https://github.com/sg16-unicode/sg16-meetings#june-12th-2019}}
}

@misc{whatwg_encoding,
	title={\textsc{En}coding \textsc{L}iving \textsc{S}tandard},
	author={WHATWG},
	year={2019},
	publisher={WHATWG},
	howpublished={\url{https://encoding.spec.whatwg.org/#the-encoding}}
}

@misc{encoding_rs,
	title={encoding_rs: a Web-Compatible Character Encoding Library in Rust},
	author={Henri Sivonen},
	year={2018},
	publisher={Henri Sivonen},
	howpublished={\url{https://hsivonen.fi/encoding_rs/}}
}

@misc{libogonek,
	title={libogonek: A C++11 library for Unicode },
	author={Robot Martinho Fernandes},
	year={2016},
	publisher={Robot Martinho Fernandes},
	howpublished={\url{https://github.com/libogonek/ogonek}}
}

@misc{boost.text,
	title={Boost.Text},
	author={Zach Laine},
	year={2018},
	publisher={Zach Laine},
	howpublished={\url{https://tzlaine.github.io/text/doc/html/index.html}}
}

@misc{icu,
	title={Internationalization Components for Unicode},
	author={Unicode, Inc.},
	year={2019},
	publisher={Unicode, Inc.},
	howpublished={\url{http://site.icu-project.org/}}
}

@misc{iconv,
	title={iconv},
	author={IEEE and Open Group},
	year={2004},
	publisher={IEEE and Open Group},
	howpublished={\url{https://pubs.opengroup.org/onlinepubs/009695399/functions/iconv.html}}
}
